@inproceedings{Algorand,
author = {Gilad, Yossi and Hemo, Rotem and Micali, Silvio and Vlachos, Georgios and Zeldovich, Nickolai},
title = {Algorand: Scaling Byzantine Agreements for Cryptocurrencies},
year = {2017},
isbn = {9781450350853},
publisher = {Association for Computing Machinery},
address = {New York, NY, USA},
url = {https://doi.org/10.1145/3132747.3132757},
doi = {10.1145/3132747.3132757},
booktitle = {Proceedings of the 26th Symposium on Operating Systems Principles},
pages = {51–68},
numpages = {18},
location = {Shanghai, China},
series = {SOSP '17}
}

@Proceedings{Whispers,
author = {Liu, Shaoyuan and Fang, Zhi and Gao, Feng and Koussainov, Bakh and Zhang, Zijian and Liu, Jiamou and Zhu, Liehuang},
title = {Whispers on Ethereum: Blockchain-Based Covert Data Embedding Schemes},
year = {2020},
isbn = {9781450376105},
publisher = {Association for Computing Machinery},
address = {New York, NY, USA},
url = {https://doi.org/10.1145/3384943.3409433},
doi = {10.1145/3384943.3409433},
booktitle = {Proceedings of the 2nd ACM International Symposium on Blockchain and Secure Critical Infrastructure},
pages = {171–179},
numpages = {9},
keywords = {blockchain, ethereum, embedding rate, covert channel},
location = {Taipei, Taiwan},
series = {BSCI '20}
}

@Proceedings{Aegis,
author = {Ferreira Torres, Christof and Baden, Mathis and Norvill, Robert and Fiz Pontiveros, Beltran Borja and Jonker, Hugo and Mauw, Sjouke},
title = {\AE{}GIS: Shielding Vulnerable Smart Contracts Against Attacks},
year = {2020},
isbn = {9781450367509},
publisher = {Association for Computing Machinery},
address = {New York, NY, USA},
url = {https://doi.org/10.1145/3320269.3384756},
doi = {10.1145/3320269.3384756},
booktitle = {Proceedings of the 15th ACM Asia Conference on Computer and Communications Security},
pages = {584–597},
numpages = {14},
keywords = {exploit prevention, security updates, ethereum, smart contracts},
location = {Taipei, Taiwan},
series = {ASIA CCS '20}
}