@Proceedings{Failsafe,
author = {Liu, Bowen and Szalachowski, Pawel and Sun, Siwei},
title = {Fail-Safe Watchtowers and Short-Lived Assertions for Payment Channels},
year = {2020},
isbn = {9781450367509},
publisher = {Association for Computing Machinery},
address = {New York, NY, USA},
url = {https://doi.org/10.1145/3320269.3384716},
doi = {10.1145/3320269.3384716},
booktitle = {Proceedings of the 15th ACM Asia Conference on Computer and Communications Security},
pages = {506–518},
numpages = {13},
keywords = {watchtower, short-lived assertions, blockchain, smart contract, payment channel},
location = {Taipei, Taiwan},
series = {ASIA CCS '20}
}

@Proceedings{Smart,
author = {Guarnizo, Juan and Alangot, Bithin and Szalachowski, Pawel},
title = {SmartWitness: A Proactive Software Transparency System Using Smart Contracts},
year = {2020},
isbn = {9781450376105},
publisher = {Association for Computing Machinery},
address = {New York, NY, USA},
url = {https://doi.org/10.1145/3384943.3409428},
doi = {10.1145/3384943.3409428},
booktitle = {Proceedings of the 2nd ACM International Symposium on Blockchain and Secure Critical Infrastructure},
pages = {117–129},
numpages = {13},
keywords = {blockchain, smart contract, software distribution system},
location = {Taipei, Taiwan},
series = {BSCI '20}
}

@inproceedings{Static,
author = {Lai, Enmei and Luo, Wenjun},
title = {Static Analysis of Integer Overflow of Smart Contracts in Ethereum},
year = {2020},
isbn = {9781450377447},
publisher = {Association for Computing Machinery},
address = {New York, NY, USA},
url = {https://doi.org/10.1145/3377644.3377650},
doi = {10.1145/3377644.3377650},
booktitle = {Proceedings of the 2020 4th International Conference on Cryptography, Security and Privacy},
pages = {110–115},
numpages = {6},
keywords = {integer overflow, XPath, vulnerability detection, smart contract},
location = {Nanjing, China},
series = {ICCSP 2020}
}