@Proceedings{Static,
author = {Lai, Enmei and Luo, Wenjun},
title = {Static Analysis of Integer Overflow of Smart Contracts in Ethereum},
year = {2020},
isbn = {9781450377447},
publisher = {Association for Computing Machinery},
address = {New York, NY, USA},
url = {https://doi.org/10.1145/3377644.3377650},
doi = {10.1145/3377644.3377650},
booktitle = {Proceedings of the 2020 4th International Conference on Cryptography, Security and Privacy},
pages = {110–115},
numpages = {6},
keywords = {integer overflow, XPath, vulnerability detection, smart contract},
location = {Nanjing, China},
series = {ICCSP 2020},
note = {Accessed: 2021-03-10}
}

@Proceedings{Securify,
author = {Tsankov, Petar and Dan, Andrei and Drachsler-Cohen, Dana and Gervais, Arthur and B\"{u}nzli, Florian and Vechev, Martin},
title = {Securify: Practical Security Analysis of Smart Contracts},
year = {2018},
isbn = {9781450356930},
publisher = {Association for Computing Machinery},
address = {New York, NY, USA},
url = {https://doi.org/10.1145/3243734.3243780},
doi = {10.1145/3243734.3243780},
booktitle = {Proceedings of the 2018 ACM SIGSAC Conference on Computer and Communications Security},
pages = {67–82},
numpages = {16},
keywords = {smart contracts, security analysis, verification, stratified datalog},
location = {Toronto, Canada},
series = {CCS '18},
note = {Accessed: 2021-03-16}
}

@misc{Etherscan,
title={Ethereum (ETH) Blockchain Explorer},
url={https://etherscan.io/},
journal={Etherscan},
note = {Accessed: 2021-03-14}
}

@misc{Ropsten1,
title={What is Ropsten ETH and how can I get some?},
url={https://www.2key.network/blog-posts/what-is-ropsten-eth-and-how-can-i-get-some}, 
journal={2key Blog},
note = {Accessed: 2021-02-28}
} 

@misc{Ropsten2,
title={TESTNET Ropsten (ETH) Blockchain Explorer},
url={https://ropsten.etherscan.io/},
journal={Ropsten},
note = {Accessed: 2021-03-07}
}

@misc{Ropsten3,
title={Ropsten Faucet},
url={https://faucet.ropsten.be/},
journal={Ropsten Ethereum Faucet},
note = {Accessed: 2021-02-28}
} 

@misc{Ropsten4, 
title={Ethereum/Ropsten}, 
url={https://github.com/ethereum/ropsten}, 
journal={GitHub}, 
author={Ethereum},
note = {Accessed: 2021-03-07}
} 

@misc{Kovan1,
title={Kovan Testnet The Fast and Reliable Ethereum Test Chain}, url={https://kovan-testnet.github.io/website/}, 
journal={Kovan Testnet},
note = {Accessed: 2021-03-07}
} 

@misc{Kovan2,
title={TESTNET Kovan (ETH) Blockchain Explorer},
url={https://kovan.etherscan.io/},
journal={Kovan Etherscan},
note = {Accessed: 2021-03-07}
}

@misc{Kovan3, 
title={Kovan-testnet/Faucet},
url={https://github.com/kovan-testnet/faucet},
journal={GitHub},
author={Kovan-Testnet},
note = {Accessed: 2021-03-07}
} 

@misc{Rinkeby1,
title={Rinkeby Authenticated Faucet},
url={https://faucet.rinkeby.io/},
journal={Rinkeby},
note = {Accessed: 2021-03-04}
} 
 
@misc{Rinkeby2,
title={TESTNET Rinkeby (ETH) Blockchain Explorer},
url={https://rinkeby.etherscan.io/},
journal={Rinkeby Testnet},
note = {Accessed: 2021-03-04}
}

@misc{Solidity1,
title={Solidity},
url={https://docs.soliditylang.org/en/v0.8.2/#},
journal={Solidity},
note = {Accessed: 2021-03-07}
} 

@misc{Solidity2,
title={Ethereum/Solidity},
url={https://github.com/ethereum/solidity},
journal={GitHub},
author={Ethereum},
note = {Accessed: 2021-03-09}
} 

@misc{SecurifyGH,
title={Securify Github},
url={https://github.com/eth-sri/securify2},
journal={Github},
note = {Accessed: 2021-03-16}
}

@misc{SWCReg,
title={Smart Contract Weakness Registry},
url={https://swcregistry.io/},
note = {Accessed: 2021-03-16}
}

@misc{StaticTestCases,
title={Static Analysis Paper Test Cases},
url={https://github.com/L-PLUM/ExperimentData},
note = {Accessed: 2021-03-16}
}