@Proceedings{Static,
author = {Lai, Enmei and Luo, Wenjun},
title = {Static Analysis of Integer Overflow of Smart Contracts in Ethereum},
year = {2020},
isbn = {9781450377447},
publisher = {Association for Computing Machinery},
address = {New York, NY, USA},
url = {https://doi.org/10.1145/3377644.3377650},
doi = {10.1145/3377644.3377650},
booktitle = {Proceedings of the 2020 4th International Conference on Cryptography, Security and Privacy},
pages = {110–115},
numpages = {6},
keywords = {integer overflow, XPath, vulnerability detection, smart contract},
location = {Nanjing, China},
series = {ICCSP 2020},
note = {Accessed: 2021-03-10}
}

@Proceedings{Securify,
author = {Tsankov, Petar and Dan, Andrei and Drachsler-Cohen, Dana and Gervais, Arthur and B\"{u}nzli, Florian and Vechev, Martin},
title = {Securify: Practical Security Analysis of Smart Contracts},
year = {2018},
isbn = {9781450356930},
publisher = {Association for Computing Machinery},
address = {New York, NY, USA},
url = {https://doi.org/10.1145/3243734.3243780},
doi = {10.1145/3243734.3243780},
booktitle = {Proceedings of the 2018 ACM SIGSAC Conference on Computer and Communications Security},
pages = {67–82},
numpages = {16},
keywords = {smart contracts, security analysis, verification, stratified datalog},
location = {Toronto, Canada},
series = {CCS '18},
note = {Accessed: 2021-03-16}
}

@misc{Solidity,
title={Ethereum/Solidity},
url={https://github.com/ethereum/solidity},
journal={GitHub},
author={Ethereum},
note = {Accessed: 2021-03-09}
} 

@misc{SecurifyGH,
title={Securify Github},
url={https://github.com/eth-sri/securify2},
journal={Github},
note = {Accessed: 2021-03-16}
}

@misc{SWCReg,
title={Smart Contract Weakness Registry},
url={https://swcregistry.io/},
note = {Accessed: 2021-03-16}
}

@misc{StaticTestCases,
title={Static Analysis Paper Test Cases},
url={https://github.com/L-PLUM/ExperimentData},
note = {Accessed: 2021-03-16}
}

@misc{MythX, 
title={Smart contract security service for Ethereum}, 
url={https://mythx.io/}, 
journal={MythX},
note = {Accessed: 2021-05-03}
}
 
@misc{Docker, 
title={Empowering App Development for Developers}, 
url={https://www.docker.com/}, 
journal={Docker},
note = {Accessed: 2021-05-03}
}
  
@misc{VirtualBox, 
title={Welcome to VirtualBox.org!}, 
url={https://www.virtualbox.org/}, 
journal={Oracle VM VirtualBox},
note = {Accessed: 2021-05-03}
} 
   
@misc{MythXClientDocumentation,
title={MythX Usage}, 
url={https://mythx-cli.readthedocs.io/en/latest/usage.html},
journal={Usage - MythX CLI 0.6.22 documentation},
note = {Accessed: 2021-05-03}
} 

@misc{SolcSelect, 
title={crytic/solc-select}, 
url={https://github.com/crytic/solc-select}, 
journal={GitHub}, 
author={Crytic},
note = {Accessed: 2021-05-03}
} 