@Proceedings{Ghaleb,
author = {Ghaleb, Asem and Pattabiraman, Karthik},
title = {How Effective Are Smart Contract Analysis Tools? Evaluating Smart Contract Static Analysis Tools Using Bug Injection},
year = {2020},
isbn = {9781450380089},
publisher = {Association for Computing Machinery},
address = {New York, NY, USA},
url = {https://doi.org/10.1145/3395363.3397385},
doi = {10.1145/3395363.3397385},
booktitle = {Proceedings of the 29th ACM SIGSOFT International Symposium on Software Testing and Analysis},
pages = {415–427},
numpages = {13},
keywords = {solidity code analysis, Ethereum security, smart contracts security, bug injection, smart contracts analysis, Ethereum, smart contracts dataset, static analysis tools evaluation, fault injection, smart contracts},
location = {Virtual Event, USA},
series = {ISSTA 2020}
}

@Proceedings{Wang,
author = {Wang, Hongman and Yuan, Yongbin and Yang, Fangchun},
title = {A Personal Data Determination Method Based On Blockchain Technology and Smart Contract},
year = {2020},
isbn = {9781450377447},
publisher = {Association for Computing Machinery},
address = {New York, NY, USA},
url = {https://doi.org/10.1145/3377644.3377656},
doi = {10.1145/3377644.3377656},
booktitle = {Proceedings of the 2020 4th International Conference on Cryptography, Security and Privacy},
pages = {89–94},
numpages = {6},
keywords = {Access control, Smart contract, Personal data determination, Blockchain},
location = {Nanjing, China},
series = {ICCSP 2020}
}

@Proceedings{Li,
author = {Li, Ao and Choi, Jemin Andrew and Long, Fan},
title = {Securing Smart Contract with Runtime Validation},
year = {2020},
isbn = {9781450376136},
publisher = {Association for Computing Machinery},
address = {New York, NY, USA},
url = {https://doi.org/10.1145/3385412.3385982},
doi = {10.1145/3385412.3385982},
booktitle = {Proceedings of the 41st ACM SIGPLAN Conference on Programming Language Design and Implementation},
pages = {438–453},
numpages = {16},
keywords = {runtime validation, compiler, smart contract},
location = {London, UK},
series = {PLDI 2020}
}