@Proceedings{10.1145/3372297.3417243,
author = {W\"{u}st, Karl and Matetic, Sinisa and Egli, Silvan and Kostiainen, Kari and Capkun, Srdjan},
title = {ACE: Asynchronous and Concurrent Execution of Complex Smart Contracts},
year = {2020},
isbn = {9781450370899},
publisher = {Association for Computing Machinery},
address = {New York, NY, USA},
url = {https://doi.org/10.1145/3372297.3417243},
doi = {10.1145/3372297.3417243},
booktitle = {Proceedings of the 2020 ACM SIGSAC Conference on Computer and Communications Security},
pages = {587–600},
numpages = {14},
keywords = {scalability, blockchain, smart contracts},
location = {Virtual Event, USA},
series = {CCS '20}
}

@Proceedings{10.1145/3320269.3384719,
author = {Boshmaf, Yazan and Elvitigala, Charitha and Al Jawaheri, Husam and Wijesekera, Primal and Al Sabah, Mashael},
title = {Investigating MMM Ponzi Scheme on Bitcoin},
year = {2020},
isbn = {9781450367509},
publisher = {Association for Computing Machinery},
address = {New York, NY, USA},
url = {https://doi.org/10.1145/3320269.3384719},
doi = {10.1145/3320269.3384719},
booktitle = {Proceedings of the 15th ACM Asia Conference on Computer and Communications Security},
pages = {519–530},
numpages = {12},
keywords = {analysis, Ponzi scheme, MMM, e-crime investigation, bitcoin},
location = {Taipei, Taiwan},
series = {ASIA CCS '20}
}

@Proceedings{10.1145/3372297.3417279,
author = {Rochet, Florentin and Wails, Ryan and Johnson, Aaron and Mittal, Prateek and Pereira, Olivier},
title = {CLAPS: Client-Location-Aware Path Selection in Tor},
year = {2020},
isbn = {9781450370899},
publisher = {Association for Computing Machinery},
address = {New York, NY, USA},
url = {https://doi.org/10.1145/3372297.3417279},
doi = {10.1145/3372297.3417279},
booktitle = {Proceedings of the 2020 ACM SIGSAC Conference on Computer and Communications Security},
pages = {17–34},
numpages = {18},
keywords = {anonymity, tor, onion routing},
location = {Virtual Event, USA},
series = {CCS '20}
}