@Proceedings{Behavior,
author = {Beillahi, Sidi Mohamed and Ciocarlie, Gabriela and Emmi, Michael and Enea, Constantin},
title = {Behavioral Simulation for Smart Contracts},
year = {2020},
isbn = {9781450376136},
publisher = {Association for Computing Machinery},
address = {New York, NY, USA},
url = {https://doi.org/10.1145/3385412.3386022},
doi = {10.1145/3385412.3386022},
booktitle = {Proceedings of the 41st ACM SIGPLAN Conference on Programming Language Design and Implementation},
pages = {470–486},
numpages = {17},
keywords = {Refinement, Simulation, Smart contracts, Blockchain},
location = {London, UK},
series = {PLDI 2020}
}

@Proceedings{Inheri,
author = {Sai, Ashish Rajendra and Holmes, Conor and Buckley, Jim and Gear, Andre Le},
title = {Inheritance Software Metrics on Smart Contracts},
year = {2020},
isbn = {9781450379588},
publisher = {Association for Computing Machinery},
address = {New York, NY, USA},
url = {https://doi.org/10.1145/3387904.3389284},
doi = {10.1145/3387904.3389284},
booktitle = {Proceedings of the 28th International Conference on Program Comprehension},
pages = {381–385},
numpages = {5},
keywords = {software metrics, inheritance, smart contracts, complexity},
location = {Seoul, Republic of Korea},
series = {ICPC '20}
}

@inproceedings{Latte,
author = {Tan, Sean and S Bhowmick, Sourav and Chua, Huey Eng and Xiao, Xiaokui},
title = {LATTE: Visual Construction of Smart Contracts},
year = {2020},
isbn = {9781450367356},
publisher = {Association for Computing Machinery},
address = {New York, NY, USA},
url = {https://doi.org/10.1145/3318464.3384687},
doi = {10.1145/3318464.3384687},
booktitle = {Proceedings of the 2020 ACM SIGMOD International Conference on Management of Data},
pages = {2713–2716},
numpages = {4},
keywords = {usability, visual formulation, blockchain, smart contracts, visual interface},
location = {Portland, OR, USA},
series = {SIGMOD '20}
}