@Proceedings{Bypass,
author = {Zhang, Zhao and Zhou, Wenchao and Sherr, Micah},
title = {Bypassing Tor Exit Blocking with Exit Bridge Onion Services},
year = {2020},
isbn = {9781450370899},
publisher = {Association for Computing Machinery},
address = {New York, NY, USA},
url = {https://doi.org/10.1145/3372297.3417245},
doi = {10.1145/3372297.3417245},
booktitle = {Proceedings of the 2020 ACM SIGSAC Conference on Computer and Communications Security},
pages = {3–16},
numpages = {14},
keywords = {tor, blocking, bridge, exit, server-side},
location = {Virtual Event, USA},
series = {CCS '20}
}

@Proceedings{Hyper,
author = {Androulaki, Elli and Barger, Artem and Bortnikov, Vita and Cachin, Christian and Christidis, Konstantinos and De Caro, Angelo and Enyeart, David and Ferris, Christopher and Laventman, Gennady and Manevich, Yacov and Muralidharan, Srinivasan and Murthy, Chet and Nguyen, Binh and Sethi, Manish and Singh, Gari and Smith, Keith and Sorniotti, Alessandro and Stathakopoulou, Chrysoula and Vukoli\'{c}, Marko and Cocco, Sharon Weed and Yellick, Jason},
title = {Hyperledger Fabric: A Distributed Operating System for Permissioned Blockchains},
year = {2018},
isbn = {9781450355841},
publisher = {Association for Computing Machinery},
address = {New York, NY, USA},
url = {https://doi.org/10.1145/3190508.3190538},
doi = {10.1145/3190508.3190538},
booktitle = {Proceedings of the Thirteenth EuroSys Conference},
articleno = {30},
numpages = {15},
location = {Porto, Portugal},
series = {EuroSys '18}
}

@Proceedings{Rational,
author = {Yu, Feifan and Ruan, Na and Cheng, Siyuan},
title = {Rational Manager in Bitcoin Mining Pool: Dynamic Strategies to Gain Extra Rewards},
year = {2020},
isbn = {9781450367509},
publisher = {Association for Computing Machinery},
address = {New York, NY, USA},
url = {https://doi.org/10.1145/3320269.3384754},
doi = {10.1145/3320269.3384754},
booktitle = {Proceedings of the 15th ACM Asia Conference on Computer and Communications Security},
pages = {572–583},
numpages = {12},
keywords = {rational, reward function, withholding attack, selfish mining, pool manager},
location = {Taipei, Taiwan},
series = {ASIA CCS '20}
}