@Proceedings{CH20,
author = {Choi, Jieun and Yang, Hae-Yong and Cho, Dong-Ho},
title = {TEMPEST Comeback: A Realistic Audio Eavesdropping Threat on Mixed-Signal SoCs},
year = {2020},
isbn = {9781450370899},
publisher = {Association for Computing Machinery},
address = {New York, NY, USA},
url = {https://doi.org/10.1145/3372297.3417241},
doi = {10.1145/3372297.3417241},
pages = {1085–1101},
numpages = {17},
keywords = {hardware security, audio signal, tempest, mixed-signal soc, IoT},
location = {Virtual Event, USA},
series = {CCS '20}
}

@proceedings{GR20,
author = {Griffioen, Harm and Doerr, Christian},
title = {Examining Mirai's Battle over the Internet of Things},
year = {2020},
isbn = {9781450370899},
publisher = {Association for Computing Machinery},
address = {New York, NY, USA},
url = {https://doi.org/10.1145/3372297.3417277},
doi = {10.1145/3372297.3417277},
pages = {743–756},
numpages = {14},
keywords = {mirai, botnet, iot, cyber threat intelligence},
location = {Virtual Event, USA},
series = {CCS '20}
}

@proceedings{QI20,
author = {Qian, Chenxiong and Koo, Hyungjoon and Oh, ChangSeok and Kim, Taesoo and Lee, Wenke},
title = {Slimium: Debloating the Chromium Browser with Feature Subsetting},
year = {2020},
isbn = {9781450370899},
publisher = {Association for Computing Machinery},
address = {New York, NY, USA},
url = {https://doi.org/10.1145/3372297.3417866},
doi = {10.1145/3372297.3417866},
pages = {461–476},
numpages = {16},
keywords = {debloating, program analysis, binary rewriting, browser},
location = {Virtual Event, USA},
series = {CCS '20}
}